@mastersthesis{Sabau2023VertraulichkeitNN,
    author = {Patrick Sabau},
    title = {{Analyse und Bewertung von Methoden zur Sicherung der Vertraulichkeit in Neuronalen Netzen}},
    month = 9,
    year = 2023,
    school = {Ostbayerische Technische Hochschule Amberg-Weiden},
    _url = {https://github.com/cyberlytics/PrivacyFlow}
}